%YAML 1.1
%TAG !u! tag:unity3d.com,2011:
--- !u!95 &2026945192070815921
Animator:
  serializedVersion: 3
  m_ObjectHideFlags: 0
  m_CorrespondingSourceObject: {fileID: 0}
  m_PrefabInstance: {fileID: 0}
  m_PrefabAsset: {fileID: 0}
  m_GameObject: {fileID: 1216057902337899302}
  m_Enabled: 1
  m_Avatar: {fileID: 0}
  m_Controller: {fileID: 9100000, guid: f6006238867dc3240817100ee2d20f40, type: 2}
  m_CullingMode: 0
  m_UpdateMode: 0
  m_ApplyRootMotion: 0
  m_LinearVelocityBlending: 0
  m_WarningMessage: 
  m_HasTransformHierarchy: 1
  m_AllowConstantClipSamplingOptimization: 1
  m_KeepAnimatorControllerStateOnDisable: 0
--- !u!54 &2026945192319938337
Rigidbody:
  m_ObjectHideFlags: 0
  m_CorrespondingSourceObject: {fileID: 0}
  m_PrefabInstance: {fileID: 0}
  m_PrefabAsset: {fileID: 0}
  m_GameObject: {fileID: 1655867010373601847}
  serializedVersion: 2
  m_Mass: 3.125
  m_Drag: 0
  m_AngularDrag: 0.05
  m_UseGravity: 1
  m_IsKinematic: 0
  m_Interpolate: 0
  m_Constraints: 0
  m_CollisionDetection: 0
--- !u!65 &2026945192319938336
BoxCollider:
  m_ObjectHideFlags: 0
  m_CorrespondingSourceObject: {fileID: 0}
  m_PrefabInstance: {fileID: 0}
  m_PrefabAsset: {fileID: 0}
  m_GameObject: {fileID: 1655867010373601847}
  m_Material: {fileID: 0}
  m_IsTrigger: 0
  m_Enabled: 1
  serializedVersion: 2
  m_Size: {x: 0.3483231, y: 0.5850892, z: 0.29038876}
  m_Center: {x: 0.0030266047, y: 0.2925446, z: 0.024578542}
--- !u!1 &2026945192485272017
GameObject:
  m_ObjectHideFlags: 0
  m_CorrespondingSourceObject: {fileID: 0}
  m_PrefabInstance: {fileID: 0}
  m_PrefabAsset: {fileID: 0}
  serializedVersion: 6
  m_Component:
  - component: {fileID: 2026945192485272016}
  - component: {fileID: 2026945192485272019}
  m_Layer: 0
  m_Name: Floating Health
  m_TagString: Untagged
  m_Icon: {fileID: 0}
  m_NavMeshLayer: 0
  m_StaticEditorFlags: 0
  m_IsActive: 1
--- !u!4 &2026945192485272016
Transform:
  m_ObjectHideFlags: 0
  m_CorrespondingSourceObject: {fileID: 0}
  m_PrefabInstance: {fileID: 0}
  m_PrefabAsset: {fileID: 0}
  m_GameObject: {fileID: 2026945192485272017}
  m_LocalRotation: {x: -0, y: -0, z: -0, w: 1}
  m_LocalPosition: {x: 0, y: 0, z: 0}
  m_LocalScale: {x: 0.02, y: 0.02, z: 0.02}
  m_Children: []
  m_Father: {fileID: 2026945193103402541}
  m_RootOrder: 0
  m_LocalEulerAnglesHint: {x: 0, y: 0, z: 0}
--- !u!212 &2026945192485272019
SpriteRenderer:
  m_ObjectHideFlags: 0
  m_CorrespondingSourceObject: {fileID: 0}
  m_PrefabInstance: {fileID: 0}
  m_PrefabAsset: {fileID: 0}
  m_GameObject: {fileID: 2026945192485272017}
  m_Enabled: 1
  m_CastShadows: 0
  m_ReceiveShadows: 0
  m_DynamicOccludee: 1
  m_MotionVectors: 1
  m_LightProbeUsage: 1
  m_ReflectionProbeUsage: 1
  m_RayTracingMode: 0
  m_RayTraceProcedural: 0
  m_RenderingLayerMask: 1
  m_RendererPriority: 0
  m_Materials:
  - {fileID: 10754, guid: 0000000000000000f000000000000000, type: 0}
  m_StaticBatchInfo:
    firstSubMesh: 0
    subMeshCount: 0
  m_StaticBatchRoot: {fileID: 0}
  m_ProbeAnchor: {fileID: 0}
  m_LightProbeVolumeOverride: {fileID: 0}
  m_ScaleInLightmap: 1
  m_ReceiveGI: 1
  m_PreserveUVs: 0
  m_IgnoreNormalsForChartDetection: 0
  m_ImportantGI: 0
  m_StitchLightmapSeams: 1
  m_SelectedEditorRenderState: 0
  m_MinimumChartSize: 4
  m_AutoUVMaxDistance: 0.5
  m_AutoUVMaxAngle: 89
  m_LightmapParameters: {fileID: 0}
  m_SortingLayerID: 0
  m_SortingLayer: 0
  m_SortingOrder: 0
  m_Sprite: {fileID: 21300000, guid: 3f61b4f192928e740a5698153071a14b, type: 3}
  m_Color: {r: 1, g: 1, b: 1, a: 1}
  m_FlipX: 0
  m_FlipY: 0
  m_DrawMode: 0
  m_Size: {x: 1, y: 1}
  m_AdaptiveModeThreshold: 0.5
  m_SpriteTileMode: 0
  m_WasSpriteAssigned: 1
  m_MaskInteraction: 0
  m_SpriteSortPoint: 0
--- !u!1 &2026945192782889264
GameObject:
  m_ObjectHideFlags: 0
  m_CorrespondingSourceObject: {fileID: 0}
  m_PrefabInstance: {fileID: 0}
  m_PrefabAsset: {fileID: 0}
  serializedVersion: 6
  m_Component:
  - component: {fileID: 2026945192782889267}
  m_Layer: 0
  m_Name: Eyes
  m_TagString: Untagged
  m_Icon: {fileID: 0}
  m_NavMeshLayer: 0
  m_StaticEditorFlags: 0
  m_IsActive: 1
--- !u!4 &2026945192782889267
Transform:
  m_ObjectHideFlags: 0
  m_CorrespondingSourceObject: {fileID: 0}
  m_PrefabInstance: {fileID: 0}
  m_PrefabAsset: {fileID: 0}
  m_GameObject: {fileID: 2026945192782889264}
  m_LocalRotation: {x: 0, y: 0, z: 0, w: 1}
  m_LocalPosition: {x: 0, y: 1, z: 0}
  m_LocalScale: {x: 1, y: 1, z: 1}
  m_Children:
  - {fileID: 2026945191815752370}
  m_Father: {fileID: 2026945193112167861}
  m_RootOrder: 1
  m_LocalEulerAnglesHint: {x: 0, y: 0, z: 0}
--- !u!1 &2026945193103402538
GameObject:
  m_ObjectHideFlags: 0
  m_CorrespondingSourceObject: {fileID: 0}
  m_PrefabInstance: {fileID: 0}
  m_PrefabAsset: {fileID: 0}
  serializedVersion: 6
  m_Component:
  - component: {fileID: 2026945193103402541}
  - component: {fileID: 2026945193103402529}
  - component: {fileID: 2026945193103402542}
  - component: {fileID: 2026945193103402543}
  - component: {fileID: 2026945193103402540}
  m_Layer: 0
  m_Name: Personal Canvas
  m_TagString: Untagged
  m_Icon: {fileID: 0}
  m_NavMeshLayer: 0
  m_StaticEditorFlags: 0
  m_IsActive: 1
--- !u!224 &2026945193103402541
RectTransform:
  m_ObjectHideFlags: 0
  m_CorrespondingSourceObject: {fileID: 0}
  m_PrefabInstance: {fileID: 0}
  m_PrefabAsset: {fileID: 0}
  m_GameObject: {fileID: 2026945193103402538}
  m_LocalRotation: {x: -0, y: -0, z: -0, w: 1}
  m_LocalPosition: {x: 0, y: 0, z: 0}
  m_LocalScale: {x: 0.09999997, y: 0.1, z: 0.09999997}
  m_Children:
  - {fileID: 2026945192485272016}
  m_Father: {fileID: 2026945193112167861}
  m_RootOrder: 2
  m_LocalEulerAnglesHint: {x: 0, y: 0, z: 0}
  m_AnchorMin: {x: 0, y: 0}
  m_AnchorMax: {x: 0, y: 0}
  m_AnchoredPosition: {x: 0, y: 0}
  m_SizeDelta: {x: 50, y: 50}
  m_Pivot: {x: 0.5, y: 0.5}
--- !u!223 &2026945193103402529
Canvas:
  m_ObjectHideFlags: 0
  m_CorrespondingSourceObject: {fileID: 0}
  m_PrefabInstance: {fileID: 0}
  m_PrefabAsset: {fileID: 0}
  m_GameObject: {fileID: 2026945193103402538}
  m_Enabled: 1
  serializedVersion: 3
  m_RenderMode: 2
  m_Camera: {fileID: 0}
  m_PlaneDistance: 100
  m_PixelPerfect: 0
  m_ReceivesEvents: 1
  m_OverrideSorting: 0
  m_OverridePixelPerfect: 0
  m_SortingBucketNormalizedSize: 0
  m_AdditionalShaderChannelsFlag: 0
  m_SortingLayerID: 0
  m_SortingOrder: 0
  m_TargetDisplay: 0
--- !u!114 &2026945193103402542
MonoBehaviour:
  m_ObjectHideFlags: 0
  m_CorrespondingSourceObject: {fileID: 0}
  m_PrefabInstance: {fileID: 0}
  m_PrefabAsset: {fileID: 0}
  m_GameObject: {fileID: 2026945193103402538}
  m_Enabled: 1
  m_EditorHideFlags: 0
  m_Script: {fileID: 11500000, guid: 0cd44c1031e13a943bb63640046fad76, type: 3}
  m_Name: 
  m_EditorClassIdentifier: 
  m_UiScaleMode: 0
  m_ReferencePixelsPerUnit: 100
  m_ScaleFactor: 1
  m_ReferenceResolution: {x: 800, y: 600}
  m_ScreenMatchMode: 0
  m_MatchWidthOrHeight: 0
  m_PhysicalUnit: 3
  m_FallbackScreenDPI: 96
  m_DefaultSpriteDPI: 96
  m_DynamicPixelsPerUnit: 1
--- !u!114 &2026945193103402543
MonoBehaviour:
  m_ObjectHideFlags: 0
  m_CorrespondingSourceObject: {fileID: 0}
  m_PrefabInstance: {fileID: 0}
  m_PrefabAsset: {fileID: 0}
  m_GameObject: {fileID: 2026945193103402538}
  m_Enabled: 1
  m_EditorHideFlags: 0
  m_Script: {fileID: 11500000, guid: dc42784cf147c0c48a680349fa168899, type: 3}
  m_Name: 
  m_EditorClassIdentifier: 
  m_IgnoreReversedGraphics: 1
  m_BlockingObjects: 0
  m_BlockingMask:
    serializedVersion: 2
    m_Bits: 4294967295
--- !u!114 &2026945193103402540
MonoBehaviour:
  m_ObjectHideFlags: 0
  m_CorrespondingSourceObject: {fileID: 0}
  m_PrefabInstance: {fileID: 0}
  m_PrefabAsset: {fileID: 0}
  m_GameObject: {fileID: 2026945193103402538}
  m_Enabled: 1
  m_EditorHideFlags: 0
  m_Script: {fileID: 11500000, guid: 0c9c57445c75be84fb39f7c62e50663a, type: 3}
  m_Name: 
  m_EditorClassIdentifier: 
  hearthStates:
  - {fileID: 21300000, guid: e9c97c878ea410543a7036c482713c22, type: 3}
  - {fileID: 21300000, guid: 6b068e2ae95abfb4ea4637599763cab3, type: 3}
  - {fileID: 21300000, guid: 62e9fa11ca92fe84a9cbb23dc80bf900, type: 3}
  - {fileID: 21300000, guid: ba63ff5fee89be849b9fa7ce4a823f30, type: 3}
  - {fileID: 21300000, guid: 45d20076968c223468c9d76f3537defd, type: 3}
  - {fileID: 21300000, guid: 10944c4ff10ffb6499a68d761d4392de, type: 3}
  - {fileID: 21300000, guid: 2a4a2ef981234e44cb32fb007c7d067a, type: 3}
  - {fileID: 21300000, guid: 940ca3181eb11c14eb8b08e7f904e289, type: 3}
  - {fileID: 21300000, guid: df1d741741e406240a1bdd04b05899d6, type: 3}
  - {fileID: 21300000, guid: 0be8084c8c001ec49ab10f5194a52df8, type: 3}
  - {fileID: 21300000, guid: 8964b819197bfd640ac31bffe2f4759a, type: 3}
  - {fileID: 21300000, guid: d5878828368e9924784694c8571a2276, type: 3}
  - {fileID: 21300000, guid: 19858d281e8a689468322ae1e7645c86, type: 3}
  - {fileID: 21300000, guid: cb14369cc38b6fd43bc5553928548ce9, type: 3}
  - {fileID: 21300000, guid: 1e2838bedbe2f2d43af69ca13aa13eb2, type: 3}
  - {fileID: 21300000, guid: 2509513a0cea4d64dba7c4383b9d9443, type: 3}
  - {fileID: 21300000, guid: 32905ce70a9816940ab3fb3a7e867684, type: 3}
  - {fileID: 21300000, guid: 0b35260c3d10c034e9d940cbfe73cc0b, type: 3}
  - {fileID: 21300000, guid: 8a0c467d728b4d6488549e81ee04bbbb, type: 3}
  - {fileID: 21300000, guid: 3f61b4f192928e740a5698153071a14b, type: 3}
  parentCI: {fileID: 0}
  p1: 0
  p2: 0
  currentHearth: {fileID: 2026945192485272017}
  originPosition: {x: 0, y: 1, z: 0}
  distanceFromModel: 0.5
--- !u!1 &2026945193112167858
GameObject:
  m_ObjectHideFlags: 0
  m_CorrespondingSourceObject: {fileID: 0}
  m_PrefabInstance: {fileID: 0}
  m_PrefabAsset: {fileID: 0}
  serializedVersion: 6
  m_Component:
  - component: {fileID: 2026945193112167861}
  - component: {fileID: 2026945193112167862}
  - component: {fileID: 2026945193112167849}
  - component: {fileID: 67000409362783710}
  m_Layer: 0
  m_Name: Player(With old PlayerController)
  m_TagString: Player
  m_Icon: {fileID: 0}
  m_NavMeshLayer: 0
  m_StaticEditorFlags: 0
  m_IsActive: 1
--- !u!4 &2026945193112167861
Transform:
  m_ObjectHideFlags: 0
  m_CorrespondingSourceObject: {fileID: 0}
  m_PrefabInstance: {fileID: 0}
  m_PrefabAsset: {fileID: 0}
  m_GameObject: {fileID: 2026945193112167858}
  m_LocalRotation: {x: 0, y: 0, z: 0, w: 1}
  m_LocalPosition: {x: 2.52, y: 0, z: 2.49}
  m_LocalScale: {x: 1, y: 1, z: 1}
  m_Children:
  - {fileID: 1993861620775281052}
  - {fileID: 2026945192782889267}
  - {fileID: 2026945193103402541}
  m_Father: {fileID: 0}
  m_RootOrder: 0
  m_LocalEulerAnglesHint: {x: 0, y: 0, z: 0}
--- !u!54 &2026945193112167862
Rigidbody:
  m_ObjectHideFlags: 0
  m_CorrespondingSourceObject: {fileID: 0}
  m_PrefabInstance: {fileID: 0}
  m_PrefabAsset: {fileID: 0}
  m_GameObject: {fileID: 2026945193112167858}
  serializedVersion: 2
  m_Mass: 1
  m_Drag: 0
  m_AngularDrag: 0.05
  m_UseGravity: 0
  m_IsKinematic: 1
  m_Interpolate: 0
  m_Constraints: 0
  m_CollisionDetection: 0
--- !u!65 &2026945193112167849
BoxCollider:
  m_ObjectHideFlags: 0
  m_CorrespondingSourceObject: {fileID: 0}
  m_PrefabInstance: {fileID: 0}
  m_PrefabAsset: {fileID: 0}
  m_GameObject: {fileID: 2026945193112167858}
  m_Material: {fileID: 0}
  m_IsTrigger: 0
  m_Enabled: 1
  serializedVersion: 2
  m_Size: {x: 0.5, y: 1.6, z: 0.5}
  m_Center: {x: 0, y: 0.8, z: 0}
--- !u!114 &67000409362783710
MonoBehaviour:
  m_ObjectHideFlags: 0
  m_CorrespondingSourceObject: {fileID: 0}
  m_PrefabInstance: {fileID: 0}
  m_PrefabAsset: {fileID: 0}
  m_GameObject: {fileID: 2026945193112167858}
  m_Enabled: 1
  m_EditorHideFlags: 0
  m_Script: {fileID: 11500000, guid: d475c33afca5c494a950be5ab6b4c197, type: 3}
  m_Name: 
  m_EditorClassIdentifier: 
  currentHealth: 10
  maxHealth: 10
  moveSpeed: 2
  currentVerticalSpeed: 0
  nma_defaultSpeed: 3.5
  nma_defaultAngularSpeed: 120
  attackDamage: 1
  attackSpeed: 1
  attackRange: 0
  desiredRange: 0
  staggerCount: 0
  staggerThreshold: 100
  staggerTimer: 0
  deathCountout: 0
  transmissionTimeBetweenCards: 0.3
  multiPurposeCounter: 0
  attackCounter: 0
  attackIndex: 0
  autoHitBox: {fileID: 0}
  attackAnimIndex: 0
  target_GO: {fileID: 0}
  target_Vec3: {x: 0, y: 0, z: 0}
  id: 0
  affiliation: 1
  personalCanvas: {fileID: 0}
  queueCount: 0
  queue_targets: []
  queue_destinations: []
  executionCounter: 0
  executionTempObject: {fileID: 0}
  executionTempObject_isPersistent: 0
  currentCardState: 0
  currentActionState: 0
  lastActionState: 0
  currentHurtState: 0
  anim: {fileID: 0}
  currentAnimState: 0
  lastAnimState: 0
  nma: {fileID: 0}
  sensitivity: 2
  playerCam: {fileID: 2026945191815752369, guid: 77c7ccd5ae7260c44938c36dbd985970,
    type: 3}
  eyes: {fileID: 2026945192782889264, guid: 77c7ccd5ae7260c44938c36dbd985970, type: 3}
--- !u!54 &2026945191371195254
Rigidbody:
  m_ObjectHideFlags: 0
  m_CorrespondingSourceObject: {fileID: 0}
  m_PrefabInstance: {fileID: 0}
  m_PrefabAsset: {fileID: 0}
  m_GameObject: {fileID: 3682012825372856739}
  serializedVersion: 2
  m_Mass: 1.25
  m_Drag: 0
  m_AngularDrag: 0.05
  m_UseGravity: 1
  m_IsKinematic: 0
  m_Interpolate: 0
  m_Constraints: 0
  m_CollisionDetection: 0
--- !u!136 &2026945191371195241
CapsuleCollider:
  m_ObjectHideFlags: 0
  m_CorrespondingSourceObject: {fileID: 0}
  m_PrefabInstance: {fileID: 0}
  m_PrefabAsset: {fileID: 0}
  m_GameObject: {fileID: 3682012825372856739}
  m_Material: {fileID: 0}
  m_IsTrigger: 0
  m_Enabled: 1
  m_Radius: 0.0015002013
  m_Height: 0.007501006
  m_Direction: 1
  m_Center: {x: 0, y: 0.003750503, z: 0}
--- !u!144 &2026945191371195255
CharacterJoint:
  m_ObjectHideFlags: 0
  m_CorrespondingSourceObject: {fileID: 0}
  m_PrefabInstance: {fileID: 0}
  m_PrefabAsset: {fileID: 0}
  m_GameObject: {fileID: 3682012825372856739}
  m_ConnectedBody: {fileID: 2026945192988709169}
  m_Anchor: {x: 0, y: 0, z: 0}
  m_Axis: {x: 1, y: 0, z: 0}
  m_AutoConfigureConnectedAnchor: 1
  m_ConnectedAnchor: {x: 0.27769396, y: -0.0024443865, z: 0.012949136}
  serializedVersion: 2
  m_SwingAxis: {x: 0, y: 0, z: 1}
  m_TwistLimitSpring:
    spring: 0
    damper: 0
  m_LowTwistLimit:
    limit: -90
    bounciness: 0
    contactDistance: 0
  m_HighTwistLimit:
    limit: 0
    bounciness: 0
    contactDistance: 0
  m_SwingLimitSpring:
    spring: 0
    damper: 0
  m_Swing1Limit:
    limit: 0
    bounciness: 0
    contactDistance: 0
  m_Swing2Limit:
    limit: 0
    bounciness: 0
    contactDistance: 0
  m_EnableProjection: 0
  m_ProjectionDistance: 0.1
  m_ProjectionAngle: 180
  m_BreakForce: Infinity
  m_BreakTorque: Infinity
  m_EnableCollision: 0
  m_EnablePreprocessing: 0
  m_MassScale: 1
  m_ConnectedMassScale: 1
--- !u!54 &2026945191664618756
Rigidbody:
  m_ObjectHideFlags: 0
  m_CorrespondingSourceObject: {fileID: 0}
  m_PrefabInstance: {fileID: 0}
  m_PrefabAsset: {fileID: 0}
  m_GameObject: {fileID: 4462820521295151545}
  serializedVersion: 2
  m_Mass: 1.875
  m_Drag: 0
  m_AngularDrag: 0.05
  m_UseGravity: 1
  m_IsKinematic: 0
  m_Interpolate: 0
  m_Constraints: 0
  m_CollisionDetection: 0
--- !u!136 &2026945191664618758
CapsuleCollider:
  m_ObjectHideFlags: 0
  m_CorrespondingSourceObject: {fileID: 0}
  m_PrefabInstance: {fileID: 0}
  m_PrefabAsset: {fileID: 0}
  m_GameObject: {fileID: 4462820521295151545}
  m_Material: {fileID: 0}
  m_IsTrigger: 0
  m_Enabled: 1
  m_Radius: 0.091885045
  m_Height: 0.30628347
  m_Direction: 1
  m_Center: {x: 0, y: -0.15314174, z: 0}
--- !u!144 &2026945191664618759
CharacterJoint:
  m_ObjectHideFlags: 0
  m_CorrespondingSourceObject: {fileID: 0}
  m_PrefabInstance: {fileID: 0}
  m_PrefabAsset: {fileID: 0}
  m_GameObject: {fileID: 4462820521295151545}
  m_ConnectedBody: {fileID: 2026945192319938337}
  m_Anchor: {x: 0, y: 0, z: 0}
  m_Axis: {x: 1, y: 0, z: 0}
  m_AutoConfigureConnectedAnchor: 1
  m_ConnectedAnchor: {x: 0.07332326, y: 0.015886905, z: 0.033505656}
  serializedVersion: 2
  m_SwingAxis: {x: 0, y: -1, z: 0}
  m_TwistLimitSpring:
    spring: 0
    damper: 0
  m_LowTwistLimit:
    limit: -20
    bounciness: 0
    contactDistance: 0
  m_HighTwistLimit:
    limit: 70
    bounciness: 0
    contactDistance: 0
  m_SwingLimitSpring:
    spring: 0
    damper: 0
  m_Swing1Limit:
    limit: 30
    bounciness: 0
    contactDistance: 0
  m_Swing2Limit:
    limit: 0
    bounciness: 0
    contactDistance: 0
  m_EnableProjection: 0
  m_ProjectionDistance: 0.1
  m_ProjectionAngle: 180
  m_BreakForce: Infinity
  m_BreakTorque: Infinity
  m_EnableCollision: 0
  m_EnablePreprocessing: 0
  m_MassScale: 1
  m_ConnectedMassScale: 1
--- !u!54 &2026945192642234612
Rigidbody:
  m_ObjectHideFlags: 0
  m_CorrespondingSourceObject: {fileID: 0}
  m_PrefabInstance: {fileID: 0}
  m_PrefabAsset: {fileID: 0}
  m_GameObject: {fileID: 4522896801927545302}
  serializedVersion: 2
  m_Mass: 1.25
  m_Drag: 0
  m_AngularDrag: 0.05
  m_UseGravity: 1
  m_IsKinematic: 0
  m_Interpolate: 0
  m_Constraints: 0
  m_CollisionDetection: 0
--- !u!136 &2026945192642234615
CapsuleCollider:
  m_ObjectHideFlags: 0
  m_CorrespondingSourceObject: {fileID: 0}
  m_PrefabInstance: {fileID: 0}
  m_PrefabAsset: {fileID: 0}
  m_GameObject: {fileID: 4522896801927545302}
  m_Material: {fileID: 0}
  m_IsTrigger: 0
  m_Enabled: 1
  m_Radius: 0.00801558
  m_Height: 0.040077895
  m_Direction: 2
  m_Center: {x: 0, y: 0, z: -0.020038947}
--- !u!144 &2026945192642234613
CharacterJoint:
  m_ObjectHideFlags: 0
  m_CorrespondingSourceObject: {fileID: 0}
  m_PrefabInstance: {fileID: 0}
  m_PrefabAsset: {fileID: 0}
  m_GameObject: {fileID: 4522896801927545302}
  m_ConnectedBody: {fileID: 2026945191135754351}
  m_Anchor: {x: 0, y: 0, z: 0}
  m_Axis: {x: -1, y: 0, z: 0}
  m_AutoConfigureConnectedAnchor: 1
  m_ConnectedAnchor: {x: -0.27097744, y: -0.00051219016, z: 0.0026008114}
  serializedVersion: 2
  m_SwingAxis: {x: 0, y: 1, z: 0}
  m_TwistLimitSpring:
    spring: 0
    damper: 0
  m_LowTwistLimit:
    limit: -90
    bounciness: 0
    contactDistance: 0
  m_HighTwistLimit:
    limit: 0
    bounciness: 0
    contactDistance: 0
  m_SwingLimitSpring:
    spring: 0
    damper: 0
  m_Swing1Limit:
    limit: 0
    bounciness: 0
    contactDistance: 0
  m_Swing2Limit:
    limit: 0
    bounciness: 0
    contactDistance: 0
  m_EnableProjection: 0
  m_ProjectionDistance: 0.1
  m_ProjectionAngle: 180
  m_BreakForce: Infinity
  m_BreakTorque: Infinity
  m_EnableCollision: 0
  m_EnablePreprocessing: 0
  m_MassScale: 1
  m_ConnectedMassScale: 1
--- !u!54 &2026945192974460178
Rigidbody:
  m_ObjectHideFlags: 0
  m_CorrespondingSourceObject: {fileID: 0}
  m_PrefabInstance: {fileID: 0}
  m_PrefabAsset: {fileID: 0}
  m_GameObject: {fileID: 5287718676797657885}
  serializedVersion: 2
  m_Mass: 1.875
  m_Drag: 0
  m_AngularDrag: 0.05
  m_UseGravity: 1
  m_IsKinematic: 0
  m_Interpolate: 0
  m_Constraints: 0
  m_CollisionDetection: 0
--- !u!136 &2026945192974460180
CapsuleCollider:
  m_ObjectHideFlags: 0
  m_CorrespondingSourceObject: {fileID: 0}
  m_PrefabInstance: {fileID: 0}
  m_PrefabAsset: {fileID: 0}
  m_GameObject: {fileID: 5287718676797657885}
  m_Material: {fileID: 0}
  m_IsTrigger: 0
  m_Enabled: 1
  m_Radius: 0.09253677
  m_Height: 0.30845588
  m_Direction: 1
  m_Center: {x: 0, y: -0.15422794, z: 0}
--- !u!144 &2026945192974460181
CharacterJoint:
  m_ObjectHideFlags: 0
  m_CorrespondingSourceObject: {fileID: 0}
  m_PrefabInstance: {fileID: 0}
  m_PrefabAsset: {fileID: 0}
  m_GameObject: {fileID: 5287718676797657885}
  m_ConnectedBody: {fileID: 2026945192319938337}
  m_Anchor: {x: 0, y: 0, z: 0}
  m_Axis: {x: 1, y: 0, z: 0}
  m_AutoConfigureConnectedAnchor: 1
  m_ConnectedAnchor: {x: -0.08551721, y: 0.019647073, z: 0.03337055}
  serializedVersion: 2
  m_SwingAxis: {x: 0, y: -1, z: 0}
  m_TwistLimitSpring:
    spring: 0
    damper: 0
  m_LowTwistLimit:
    limit: -20
    bounciness: 0
    contactDistance: 0
  m_HighTwistLimit:
    limit: 70
    bounciness: 0
    contactDistance: 0
  m_SwingLimitSpring:
    spring: 0
    damper: 0
  m_Swing1Limit:
    limit: 30
    bounciness: 0
    contactDistance: 0
  m_Swing2Limit:
    limit: 0
    bounciness: 0
    contactDistance: 0
  m_EnableProjection: 0
  m_ProjectionDistance: 0.1
  m_ProjectionAngle: 180
  m_BreakForce: Infinity
  m_BreakTorque: Infinity
  m_EnableCollision: 0
  m_EnablePreprocessing: 0
  m_MassScale: 1
  m_ConnectedMassScale: 1
--- !u!54 &2026945192539895594
Rigidbody:
  m_ObjectHideFlags: 0
  m_CorrespondingSourceObject: {fileID: 0}
  m_PrefabInstance: {fileID: 0}
  m_PrefabAsset: {fileID: 0}
  m_GameObject: {fileID: 6799647954121762556}
  serializedVersion: 2
  m_Mass: 1.25
  m_Drag: 0
  m_AngularDrag: 0.05
  m_UseGravity: 1
  m_IsKinematic: 0
  m_Interpolate: 0
  m_Constraints: 0
  m_CollisionDetection: 0
--- !u!135 &2026945192539895597
SphereCollider:
  m_ObjectHideFlags: 0
  m_CorrespondingSourceObject: {fileID: 0}
  m_PrefabInstance: {fileID: 0}
  m_PrefabAsset: {fileID: 0}
  m_GameObject: {fileID: 6799647954121762556}
  m_Material: {fileID: 0}
  m_IsTrigger: 0
  m_Enabled: 1
  serializedVersion: 2
  m_Radius: 0.08777093
  m_Center: {x: 0, y: 0.08777093, z: 0}
--- !u!144 &2026945192539895595
CharacterJoint:
  m_ObjectHideFlags: 0
  m_CorrespondingSourceObject: {fileID: 0}
  m_PrefabInstance: {fileID: 0}
  m_PrefabAsset: {fileID: 0}
  m_GameObject: {fileID: 6799647954121762556}
  m_ConnectedBody: {fileID: 2026945191503492201}
  m_Anchor: {x: 0, y: 0, z: 0}
  m_Axis: {x: 1, y: 0, z: 0}
  m_AutoConfigureConnectedAnchor: 1
  m_ConnectedAnchor: {x: 0.030041981, y: 0.24041185, z: 0.00091555994}
  serializedVersion: 2
  m_SwingAxis: {x: 0, y: 0, z: 1}
  m_TwistLimitSpring:
    spring: 0
    damper: 0
  m_LowTwistLimit:
    limit: -40
    bounciness: 0
    contactDistance: 0
  m_HighTwistLimit:
    limit: 25
    bounciness: 0
    contactDistance: 0
  m_SwingLimitSpring:
    spring: 0
    damper: 0
  m_Swing1Limit:
    limit: 25
    bounciness: 0
    contactDistance: 0
  m_Swing2Limit:
    limit: 0
    bounciness: 0
    contactDistance: 0
  m_EnableProjection: 0
  m_ProjectionDistance: 0.1
  m_ProjectionAngle: 180
  m_BreakForce: Infinity
  m_BreakTorque: Infinity
  m_EnableCollision: 0
  m_EnablePreprocessing: 0
  m_MassScale: 1
  m_ConnectedMassScale: 1
--- !u!54 &2026945191503492201
Rigidbody:
  m_ObjectHideFlags: 0
  m_CorrespondingSourceObject: {fileID: 0}
  m_PrefabInstance: {fileID: 0}
  m_PrefabAsset: {fileID: 0}
  m_GameObject: {fileID: 7149120174856704311}
  serializedVersion: 2
  m_Mass: 3.125
  m_Drag: 0
  m_AngularDrag: 0.05
  m_UseGravity: 1
  m_IsKinematic: 0
  m_Interpolate: 0
  m_Constraints: 0
  m_CollisionDetection: 0
--- !u!65 &2026945191503492203
BoxCollider:
  m_ObjectHideFlags: 0
  m_CorrespondingSourceObject: {fileID: 0}
  m_PrefabInstance: {fileID: 0}
  m_PrefabAsset: {fileID: 0}
  m_GameObject: {fileID: 7149120174856704311}
  m_Material: {fileID: 0}
  m_IsTrigger: 0
  m_Enabled: 1
  serializedVersion: 2
  m_Size: {x: 0.3508193, y: 0.0007484854, z: 0.28330737}
  m_Center: {x: 0.0014704317, y: 0.00037427244, z: 0.04041171}
--- !u!144 &2026945191503492200
CharacterJoint:
  m_ObjectHideFlags: 0
  m_CorrespondingSourceObject: {fileID: 0}
  m_PrefabInstance: {fileID: 0}
  m_PrefabAsset: {fileID: 0}
  m_GameObject: {fileID: 7149120174856704311}
  m_ConnectedBody: {fileID: 2026945192319938337}
  m_Anchor: {x: 0, y: 0, z: 0}
  m_Axis: {x: 1, y: 0, z: 0}
  m_AutoConfigureConnectedAnchor: 1
  m_ConnectedAnchor: {x: -0.00050411, y: 0.5850892, z: 0.005906582}
  serializedVersion: 2
  m_SwingAxis: {x: 0, y: 0, z: 1}
  m_TwistLimitSpring:
    spring: 0
    damper: 0
  m_LowTwistLimit:
    limit: -20
    bounciness: 0
    contactDistance: 0
  m_HighTwistLimit:
    limit: 20
    bounciness: 0
    contactDistance: 0
  m_SwingLimitSpring:
    spring: 0
    damper: 0
  m_Swing1Limit:
    limit: 10
    bounciness: 0
    contactDistance: 0
  m_Swing2Limit:
    limit: 0
    bounciness: 0
    contactDistance: 0
  m_EnableProjection: 0
  m_ProjectionDistance: 0.1
  m_ProjectionAngle: 180
  m_BreakForce: Infinity
  m_BreakTorque: Infinity
  m_EnableCollision: 0
  m_EnablePreprocessing: 0
  m_MassScale: 1
  m_ConnectedMassScale: 1
--- !u!54 &2026945192835863160
Rigidbody:
  m_ObjectHideFlags: 0
  m_CorrespondingSourceObject: {fileID: 0}
  m_PrefabInstance: {fileID: 0}
  m_PrefabAsset: {fileID: 0}
  m_GameObject: {fileID: 7236543239515894195}
  serializedVersion: 2
  m_Mass: 1.875
  m_Drag: 0
  m_AngularDrag: 0.05
  m_UseGravity: 1
  m_IsKinematic: 0
  m_Interpolate: 0
  m_Constraints: 0
  m_CollisionDetection: 0
--- !u!136 &2026945192835863163
CapsuleCollider:
  m_ObjectHideFlags: 0
  m_CorrespondingSourceObject: {fileID: 0}
  m_PrefabInstance: {fileID: 0}
  m_PrefabAsset: {fileID: 0}
  m_GameObject: {fileID: 7236543239515894195}
  m_Material: {fileID: 0}
  m_IsTrigger: 0
  m_Enabled: 1
  m_Radius: 0.02344206
  m_Height: 0.09376824
  m_Direction: 2
  m_Center: {x: 0, y: 0, z: 0.04688412}
--- !u!144 &2026945192835863161
CharacterJoint:
  m_ObjectHideFlags: 0
  m_CorrespondingSourceObject: {fileID: 0}
  m_PrefabInstance: {fileID: 0}
  m_PrefabAsset: {fileID: 0}
  m_GameObject: {fileID: 7236543239515894195}
  m_ConnectedBody: {fileID: 2026945191664618756}
  m_Anchor: {x: 0, y: 0, z: 0}
  m_Axis: {x: 1, y: 0, z: 0}
  m_AutoConfigureConnectedAnchor: 1
  m_ConnectedAnchor: {x: 0.0011462793, y: -0.30628356, z: -0.0034082234}
  serializedVersion: 2
  m_SwingAxis: {x: 0, y: 0, z: 1}
  m_TwistLimitSpring:
    spring: 0
    damper: 0
  m_LowTwistLimit:
    limit: -80
    bounciness: 0
    contactDistance: 0
  m_HighTwistLimit:
    limit: 0
    bounciness: 0
    contactDistance: 0
  m_SwingLimitSpring:
    spring: 0
    damper: 0
  m_Swing1Limit:
    limit: 0
    bounciness: 0
    contactDistance: 0
  m_Swing2Limit:
    limit: 0
    bounciness: 0
    contactDistance: 0
  m_EnableProjection: 0
  m_ProjectionDistance: 0.1
  m_ProjectionAngle: 180
  m_BreakForce: Infinity
  m_BreakTorque: Infinity
  m_EnableCollision: 0
  m_EnablePreprocessing: 0
  m_MassScale: 1
  m_ConnectedMassScale: 1
--- !u!54 &2026945192988709169
Rigidbody:
  m_ObjectHideFlags: 0
  m_CorrespondingSourceObject: {fileID: 0}
  m_PrefabInstance: {fileID: 0}
  m_PrefabAsset: {fileID: 0}
  m_GameObject: {fileID: 7705241876692006866}
  serializedVersion: 2
  m_Mass: 1.25
  m_Drag: 0
  m_AngularDrag: 0.05
  m_UseGravity: 1
  m_IsKinematic: 0
  m_Interpolate: 0
  m_Constraints: 0
  m_CollisionDetection: 0
--- !u!136 &2026945192988709171
CapsuleCollider:
  m_ObjectHideFlags: 0
  m_CorrespondingSourceObject: {fileID: 0}
  m_PrefabInstance: {fileID: 0}
  m_PrefabAsset: {fileID: 0}
  m_GameObject: {fileID: 7705241876692006866}
  m_Material: {fileID: 0}
  m_IsTrigger: 0
  m_Enabled: 1
  m_Radius: 0.06942348
  m_Height: 0.27769393
  m_Direction: 0
  m_Center: {x: 0.13884696, y: 0, z: 0}
--- !u!144 &2026945192988709168
CharacterJoint:
  m_ObjectHideFlags: 0
  m_CorrespondingSourceObject: {fileID: 0}
  m_PrefabInstance: {fileID: 0}
  m_PrefabAsset: {fileID: 0}
  m_GameObject: {fileID: 7705241876692006866}
  m_ConnectedBody: {fileID: 2026945191503492201}
  m_Anchor: {x: 0, y: 0, z: 0}
  m_Axis: {x: -1, y: 0, z: 0}
  m_AutoConfigureConnectedAnchor: 1
  m_ConnectedAnchor: {x: 0.17688009, y: -0.0067750704, z: 0.016159182}
  serializedVersion: 2
  m_SwingAxis: {x: 0, y: 0, z: 1}
  m_TwistLimitSpring:
    spring: 0
    damper: 0
  m_LowTwistLimit:
    limit: -70
    bounciness: 0
    contactDistance: 0
  m_HighTwistLimit:
    limit: 10
    bounciness: 0
    contactDistance: 0
  m_SwingLimitSpring:
    spring: 0
    damper: 0
  m_Swing1Limit:
    limit: 50
    bounciness: 0
    contactDistance: 0
  m_Swing2Limit:
    limit: 0
    bounciness: 0
    contactDistance: 0
  m_EnableProjection: 0
  m_ProjectionDistance: 0.1
  m_ProjectionAngle: 180
  m_BreakForce: Infinity
  m_BreakTorque: Infinity
  m_EnableCollision: 0
  m_EnablePreprocessing: 0
  m_MassScale: 1
  m_ConnectedMassScale: 1
--- !u!54 &2026945193189838043
Rigidbody:
  m_ObjectHideFlags: 0
  m_CorrespondingSourceObject: {fileID: 0}
  m_PrefabInstance: {fileID: 0}
  m_PrefabAsset: {fileID: 0}
  m_GameObject: {fileID: 8071459316492924304}
  serializedVersion: 2
  m_Mass: 1.875
  m_Drag: 0
  m_AngularDrag: 0.05
  m_UseGravity: 1
  m_IsKinematic: 0
  m_Interpolate: 0
  m_Constraints: 0
  m_CollisionDetection: 0
--- !u!136 &2026945193189838042
CapsuleCollider:
  m_ObjectHideFlags: 0
  m_CorrespondingSourceObject: {fileID: 0}
  m_PrefabInstance: {fileID: 0}
  m_PrefabAsset: {fileID: 0}
  m_GameObject: {fileID: 8071459316492924304}
  m_Material: {fileID: 0}
  m_IsTrigger: 0
  m_Enabled: 1
  m_Radius: 0.025680363
  m_Height: 0.10272145
  m_Direction: 2
  m_Center: {x: 0, y: 0, z: 0.051360726}
--- !u!144 &2026945193189838040
CharacterJoint:
  m_ObjectHideFlags: 0
  m_CorrespondingSourceObject: {fileID: 0}
  m_PrefabInstance: {fileID: 0}
  m_PrefabAsset: {fileID: 0}
  m_GameObject: {fileID: 8071459316492924304}
  m_ConnectedBody: {fileID: 2026945192974460178}
  m_Anchor: {x: 0, y: 0, z: 0}
  m_Axis: {x: 1, y: 0, z: 0}
  m_AutoConfigureConnectedAnchor: 1
  m_ConnectedAnchor: {x: 0.0025134385, y: -0.30845588, z: -0.0034326017}
  serializedVersion: 2
  m_SwingAxis: {x: 0, y: 0, z: 1}
  m_TwistLimitSpring:
    spring: 0
    damper: 0
  m_LowTwistLimit:
    limit: -80
    bounciness: 0
    contactDistance: 0
  m_HighTwistLimit:
    limit: 0
    bounciness: 0
    contactDistance: 0
  m_SwingLimitSpring:
    spring: 0
    damper: 0
  m_Swing1Limit:
    limit: 0
    bounciness: 0
    contactDistance: 0
  m_Swing2Limit:
    limit: 0
    bounciness: 0
    contactDistance: 0
  m_EnableProjection: 0
  m_ProjectionDistance: 0.1
  m_ProjectionAngle: 180
  m_BreakForce: Infinity
  m_BreakTorque: Infinity
  m_EnableCollision: 0
  m_EnablePreprocessing: 0
  m_MassScale: 1
  m_ConnectedMassScale: 1
--- !u!54 &2026945191135754351
Rigidbody:
  m_ObjectHideFlags: 0
  m_CorrespondingSourceObject: {fileID: 0}
  m_PrefabInstance: {fileID: 0}
  m_PrefabAsset: {fileID: 0}
  m_GameObject: {fileID: 8331186880928844335}
  serializedVersion: 2
  m_Mass: 1.25
  m_Drag: 0
  m_AngularDrag: 0.05
  m_UseGravity: 1
  m_IsKinematic: 0
  m_Interpolate: 0
  m_Constraints: 0
  m_CollisionDetection: 0
--- !u!136 &2026945191135754337
CapsuleCollider:
  m_ObjectHideFlags: 0
  m_CorrespondingSourceObject: {fileID: 0}
  m_PrefabInstance: {fileID: 0}
  m_PrefabAsset: {fileID: 0}
  m_GameObject: {fileID: 8331186880928844335}
  m_Material: {fileID: 0}
  m_IsTrigger: 0
  m_Enabled: 1
  m_Radius: 0.06774436
  m_Height: 0.27097744
  m_Direction: 0
  m_Center: {x: -0.13548872, y: 0, z: 0}
--- !u!144 &2026945191135754350
CharacterJoint:
  m_ObjectHideFlags: 0
  m_CorrespondingSourceObject: {fileID: 0}
  m_PrefabInstance: {fileID: 0}
  m_PrefabAsset: {fileID: 0}
  m_GameObject: {fileID: 8331186880928844335}
  m_ConnectedBody: {fileID: 2026945191503492201}
  m_Anchor: {x: 0, y: 0, z: 0}
  m_Axis: {x: 0, y: 1, z: 0}
  m_AutoConfigureConnectedAnchor: 1
  m_ConnectedAnchor: {x: -0.17393914, y: 0.0007484652, z: 0.027516922}
  serializedVersion: 2
  m_SwingAxis: {x: 0, y: 0, z: 1}
  m_TwistLimitSpring:
    spring: 0
    damper: 0
  m_LowTwistLimit:
    limit: -70
    bounciness: 0
    contactDistance: 0
  m_HighTwistLimit:
    limit: 10
    bounciness: 0
    contactDistance: 0
  m_SwingLimitSpring:
    spring: 0
    damper: 0
  m_Swing1Limit:
    limit: 50
    bounciness: 0
    contactDistance: 0
  m_Swing2Limit:
    limit: 0
    bounciness: 0
    contactDistance: 0
  m_EnableProjection: 0
  m_ProjectionDistance: 0.1
  m_ProjectionAngle: 180
  m_BreakForce: Infinity
  m_BreakTorque: Infinity
  m_EnableCollision: 0
  m_EnablePreprocessing: 0
  m_MassScale: 1
  m_ConnectedMassScale: 1
--- !u!1001 &2026945191456140414
PrefabInstance:
  m_ObjectHideFlags: 0
  serializedVersion: 2
  m_Modification:
    m_TransformParent: {fileID: 5490752462289273851}
    m_Modifications:
    - target: {fileID: -8679921383154817045, guid: 6420d3b78fd000248b0adc4988935541,
        type: 3}
      propertyPath: m_LocalPosition.x
      value: 0.669
      objectReference: {fileID: 0}
    - target: {fileID: -8679921383154817045, guid: 6420d3b78fd000248b0adc4988935541,
        type: 3}
      propertyPath: m_LocalPosition.y
      value: -0.731
      objectReference: {fileID: 0}
    - target: {fileID: -8679921383154817045, guid: 6420d3b78fd000248b0adc4988935541,
        type: 3}
      propertyPath: m_LocalPosition.z
      value: -0.67
      objectReference: {fileID: 0}
    - target: {fileID: -8679921383154817045, guid: 6420d3b78fd000248b0adc4988935541,
        type: 3}
      propertyPath: m_LocalRotation.x
      value: 0.28575543
      objectReference: {fileID: 0}
    - target: {fileID: -8679921383154817045, guid: 6420d3b78fd000248b0adc4988935541,
        type: 3}
      propertyPath: m_LocalRotation.y
      value: 0.21945389
      objectReference: {fileID: 0}
    - target: {fileID: -8679921383154817045, guid: 6420d3b78fd000248b0adc4988935541,
        type: 3}
      propertyPath: m_LocalRotation.z
      value: 0.65984166
      objectReference: {fileID: 0}
    - target: {fileID: -8679921383154817045, guid: 6420d3b78fd000248b0adc4988935541,
        type: 3}
      propertyPath: m_LocalRotation.w
      value: 0.65938824
      objectReference: {fileID: 0}
    - target: {fileID: -8679921383154817045, guid: 6420d3b78fd000248b0adc4988935541,
        type: 3}
      propertyPath: m_RootOrder
      value: 1
      objectReference: {fileID: 0}
    - target: {fileID: -8679921383154817045, guid: 6420d3b78fd000248b0adc4988935541,
        type: 3}
      propertyPath: m_LocalEulerAnglesHint.x
      value: 174.995
      objectReference: {fileID: 0}
    - target: {fileID: -8679921383154817045, guid: 6420d3b78fd000248b0adc4988935541,
        type: 3}
      propertyPath: m_LocalEulerAnglesHint.y
      value: -138.005
      objectReference: {fileID: 0}
    - target: {fileID: -8679921383154817045, guid: 6420d3b78fd000248b0adc4988935541,
        type: 3}
      propertyPath: m_LocalEulerAnglesHint.z
      value: -88.039
      objectReference: {fileID: 0}
    - target: {fileID: -8625482222161531339, guid: 6420d3b78fd000248b0adc4988935541,
        type: 3}
      propertyPath: m_Layer
      value: 0
      objectReference: {fileID: 0}
    - target: {fileID: -8513424388201257645, guid: 6420d3b78fd000248b0adc4988935541,
        type: 3}
      propertyPath: m_Layer
      value: 0
      objectReference: {fileID: 0}
    - target: {fileID: -7600959461132064550, guid: 6420d3b78fd000248b0adc4988935541,
        type: 3}
      propertyPath: m_Layer
      value: 0
      objectReference: {fileID: 0}
    - target: {fileID: -7523372300800824462, guid: 6420d3b78fd000248b0adc4988935541,
        type: 3}
      propertyPath: m_Layer
      value: 0
      objectReference: {fileID: 0}
    - target: {fileID: -6867817067360422807, guid: 6420d3b78fd000248b0adc4988935541,
        type: 3}
      propertyPath: m_Layer
      value: 0
      objectReference: {fileID: 0}
    - target: {fileID: -6180080414622031939, guid: 6420d3b78fd000248b0adc4988935541,
        type: 3}
      propertyPath: m_Layer
      value: 0
      objectReference: {fileID: 0}
    - target: {fileID: -4716819189914099199, guid: 6420d3b78fd000248b0adc4988935541,
        type: 3}
      propertyPath: m_Layer
      value: 0
      objectReference: {fileID: 0}
    - target: {fileID: -4137900620364968796, guid: 6420d3b78fd000248b0adc4988935541,
        type: 3}
      propertyPath: m_Layer
      value: 0
      objectReference: {fileID: 0}
    - target: {fileID: -3957782524123411102, guid: 6420d3b78fd000248b0adc4988935541,
        type: 3}
      propertyPath: m_Layer
      value: 0
      objectReference: {fileID: 0}
    - target: {fileID: -2793727289926329592, guid: 6420d3b78fd000248b0adc4988935541,
        type: 3}
      propertyPath: m_Layer
      value: 0
      objectReference: {fileID: 0}
    - target: {fileID: -833249951840840289, guid: 6420d3b78fd000248b0adc4988935541,
        type: 3}
      propertyPath: m_Layer
      value: 0
      objectReference: {fileID: 0}
    - target: {fileID: 592929412745814536, guid: 6420d3b78fd000248b0adc4988935541,
        type: 3}
      propertyPath: m_Layer
      value: 0
      objectReference: {fileID: 0}
    - target: {fileID: 919132149155446097, guid: 6420d3b78fd000248b0adc4988935541,
        type: 3}
      propertyPath: m_Name
      value: Dagger
      objectReference: {fileID: 0}
    - target: {fileID: 919132149155446097, guid: 6420d3b78fd000248b0adc4988935541,
        type: 3}
      propertyPath: m_Layer
      value: 0
      objectReference: {fileID: 0}
    - target: {fileID: 925580364223423652, guid: 6420d3b78fd000248b0adc4988935541,
        type: 3}
      propertyPath: m_Layer
      value: 0
      objectReference: {fileID: 0}
    - target: {fileID: 1507767883509144192, guid: 6420d3b78fd000248b0adc4988935541,
        type: 3}
      propertyPath: m_Layer
      value: 0
      objectReference: {fileID: 0}
    - target: {fileID: 3246316453314596560, guid: 6420d3b78fd000248b0adc4988935541,
        type: 3}
      propertyPath: m_Layer
      value: 0
      objectReference: {fileID: 0}
    - target: {fileID: 3300710021813369772, guid: 6420d3b78fd000248b0adc4988935541,
        type: 3}
      propertyPath: m_Layer
      value: 0
      objectReference: {fileID: 0}
    - target: {fileID: 3779745573541866595, guid: 6420d3b78fd000248b0adc4988935541,
        type: 3}
      propertyPath: m_Layer
      value: 0
      objectReference: {fileID: 0}
    - target: {fileID: 4326293798620640250, guid: 6420d3b78fd000248b0adc4988935541,
        type: 3}
      propertyPath: m_Layer
      value: 0
      objectReference: {fileID: 0}
    - target: {fileID: 4547975019024194010, guid: 6420d3b78fd000248b0adc4988935541,
        type: 3}
      propertyPath: m_Layer
      value: 0
      objectReference: {fileID: 0}
    - target: {fileID: 6551257797587537759, guid: 6420d3b78fd000248b0adc4988935541,
        type: 3}
      propertyPath: m_Layer
      value: 0
      objectReference: {fileID: 0}
    - target: {fileID: 7803407436844761574, guid: 6420d3b78fd000248b0adc4988935541,
        type: 3}
      propertyPath: m_Layer
      value: 0
      objectReference: {fileID: 0}
    m_RemovedComponents: []
  m_SourcePrefab: {fileID: 100100000, guid: 6420d3b78fd000248b0adc4988935541, type: 3}
--- !u!1001 &2026945193187804791
PrefabInstance:
  m_ObjectHideFlags: 0
  serializedVersion: 2
  m_Modification:
    m_TransformParent: {fileID: 2026945193112167861}
    m_Modifications:
    - target: {fileID: -8715873220694862690, guid: a833890ca9ee1aa47af9cbc9dcced36e,
        type: 3}
      propertyPath: m_Layer
      value: 0
      objectReference: {fileID: 0}
    - target: {fileID: -8679921383154817045, guid: a833890ca9ee1aa47af9cbc9dcced36e,
        type: 3}
      propertyPath: m_LocalPosition.x
      value: 0
      objectReference: {fileID: 0}
    - target: {fileID: -8679921383154817045, guid: a833890ca9ee1aa47af9cbc9dcced36e,
        type: 3}
      propertyPath: m_LocalPosition.y
      value: 0
      objectReference: {fileID: 0}
    - target: {fileID: -8679921383154817045, guid: a833890ca9ee1aa47af9cbc9dcced36e,
        type: 3}
      propertyPath: m_LocalPosition.z
      value: 0
      objectReference: {fileID: 0}
    - target: {fileID: -8679921383154817045, guid: a833890ca9ee1aa47af9cbc9dcced36e,
        type: 3}
      propertyPath: m_LocalRotation.x
      value: -0
      objectReference: {fileID: 0}
    - target: {fileID: -8679921383154817045, guid: a833890ca9ee1aa47af9cbc9dcced36e,
        type: 3}
      propertyPath: m_LocalRotation.y
      value: -0
      objectReference: {fileID: 0}
    - target: {fileID: -8679921383154817045, guid: a833890ca9ee1aa47af9cbc9dcced36e,
        type: 3}
      propertyPath: m_LocalRotation.z
      value: -0
      objectReference: {fileID: 0}
    - target: {fileID: -8679921383154817045, guid: a833890ca9ee1aa47af9cbc9dcced36e,
        type: 3}
      propertyPath: m_LocalRotation.w
      value: 1
      objectReference: {fileID: 0}
    - target: {fileID: -8679921383154817045, guid: a833890ca9ee1aa47af9cbc9dcced36e,
        type: 3}
      propertyPath: m_RootOrder
      value: 0
      objectReference: {fileID: 0}
    - target: {fileID: -8679921383154817045, guid: a833890ca9ee1aa47af9cbc9dcced36e,
        type: 3}
      propertyPath: m_LocalEulerAnglesHint.x
      value: 0
      objectReference: {fileID: 0}
    - target: {fileID: -8679921383154817045, guid: a833890ca9ee1aa47af9cbc9dcced36e,
        type: 3}
      propertyPath: m_LocalEulerAnglesHint.y
      value: 0
      objectReference: {fileID: 0}
    - target: {fileID: -8679921383154817045, guid: a833890ca9ee1aa47af9cbc9dcced36e,
        type: 3}
      propertyPath: m_LocalEulerAnglesHint.z
      value: 0
      objectReference: {fileID: 0}
    - target: {fileID: -8625482222161531339, guid: a833890ca9ee1aa47af9cbc9dcced36e,
        type: 3}
      propertyPath: m_Layer
      value: 0
      objectReference: {fileID: 0}
    - target: {fileID: -8513424388201257645, guid: a833890ca9ee1aa47af9cbc9dcced36e,
        type: 3}
      propertyPath: m_Layer
      value: 0
      objectReference: {fileID: 0}
    - target: {fileID: -8391739987596045874, guid: a833890ca9ee1aa47af9cbc9dcced36e,
        type: 3}
      propertyPath: m_Layer
      value: 0
      objectReference: {fileID: 0}
    - target: {fileID: -7833317865279494588, guid: a833890ca9ee1aa47af9cbc9dcced36e,
        type: 3}
      propertyPath: m_Layer
      value: 0
      objectReference: {fileID: 0}
    - target: {fileID: -7696106775999769079, guid: a833890ca9ee1aa47af9cbc9dcced36e,
        type: 3}
      propertyPath: m_Layer
      value: 0
      objectReference: {fileID: 0}
    - target: {fileID: -7600959461132064550, guid: a833890ca9ee1aa47af9cbc9dcced36e,
        type: 3}
      propertyPath: m_Layer
      value: 0
      objectReference: {fileID: 0}
    - target: {fileID: -7523372300800824462, guid: a833890ca9ee1aa47af9cbc9dcced36e,
        type: 3}
      propertyPath: m_Layer
      value: 0
      objectReference: {fileID: 0}
    - target: {fileID: -7506225879619648368, guid: a833890ca9ee1aa47af9cbc9dcced36e,
        type: 3}
      propertyPath: m_Layer
      value: 0
      objectReference: {fileID: 0}
    - target: {fileID: -7422576969476728584, guid: a833890ca9ee1aa47af9cbc9dcced36e,
        type: 3}
      propertyPath: m_Layer
      value: 0
      objectReference: {fileID: 0}
    - target: {fileID: -7032060172332701971, guid: a833890ca9ee1aa47af9cbc9dcced36e,
        type: 3}
      propertyPath: m_Layer
      value: 0
      objectReference: {fileID: 0}
    - target: {fileID: -7013811022221597828, guid: a833890ca9ee1aa47af9cbc9dcced36e,
        type: 3}
      propertyPath: m_Layer
      value: 0
      objectReference: {fileID: 0}
    - target: {fileID: -6867817067360422807, guid: a833890ca9ee1aa47af9cbc9dcced36e,
        type: 3}
      propertyPath: m_Layer
      value: 0
      objectReference: {fileID: 0}
    - target: {fileID: -6708769958605535327, guid: a833890ca9ee1aa47af9cbc9dcced36e,
        type: 3}
      propertyPath: m_Layer
      value: 0
      objectReference: {fileID: 0}
    - target: {fileID: -6629705283887022442, guid: a833890ca9ee1aa47af9cbc9dcced36e,
        type: 3}
      propertyPath: m_Layer
      value: 0
      objectReference: {fileID: 0}
    - target: {fileID: -6522242859243132057, guid: a833890ca9ee1aa47af9cbc9dcced36e,
        type: 3}
      propertyPath: m_Layer
      value: 0
      objectReference: {fileID: 0}
    - target: {fileID: -6304464409682002071, guid: a833890ca9ee1aa47af9cbc9dcced36e,
        type: 3}
      propertyPath: m_Layer
      value: 0
      objectReference: {fileID: 0}
    - target: {fileID: -6180080414622031939, guid: a833890ca9ee1aa47af9cbc9dcced36e,
        type: 3}
      propertyPath: m_Layer
      value: 0
      objectReference: {fileID: 0}
    - target: {fileID: -6166062349278424755, guid: a833890ca9ee1aa47af9cbc9dcced36e,
        type: 3}
      propertyPath: m_Layer
      value: 0
      objectReference: {fileID: 0}
    - target: {fileID: -5820897287476537388, guid: a833890ca9ee1aa47af9cbc9dcced36e,
        type: 3}
      propertyPath: m_Layer
      value: 0
      objectReference: {fileID: 0}
    - target: {fileID: -5094115335879367148, guid: a833890ca9ee1aa47af9cbc9dcced36e,
        type: 3}
      propertyPath: m_Layer
      value: 0
      objectReference: {fileID: 0}
    - target: {fileID: -5062035286910831681, guid: a833890ca9ee1aa47af9cbc9dcced36e,
        type: 3}
      propertyPath: m_Layer
      value: 0
      objectReference: {fileID: 0}
    - target: {fileID: -4716819189914099199, guid: a833890ca9ee1aa47af9cbc9dcced36e,
        type: 3}
      propertyPath: m_Layer
      value: 0
      objectReference: {fileID: 0}
    - target: {fileID: -4612154531271159541, guid: a833890ca9ee1aa47af9cbc9dcced36e,
        type: 3}
      propertyPath: m_Layer
      value: 0
      objectReference: {fileID: 0}
    - target: {fileID: -4574033578458458121, guid: a833890ca9ee1aa47af9cbc9dcced36e,
        type: 3}
      propertyPath: m_Layer
      value: 0
      objectReference: {fileID: 0}
    - target: {fileID: -4432645804560834421, guid: a833890ca9ee1aa47af9cbc9dcced36e,
        type: 3}
      propertyPath: m_Layer
      value: 0
      objectReference: {fileID: 0}
    - target: {fileID: -4235827282863308740, guid: a833890ca9ee1aa47af9cbc9dcced36e,
        type: 3}
      propertyPath: m_Layer
      value: 0
      objectReference: {fileID: 0}
    - target: {fileID: -4173708362989619352, guid: a833890ca9ee1aa47af9cbc9dcced36e,
        type: 3}
      propertyPath: m_Layer
      value: 0
      objectReference: {fileID: 0}
    - target: {fileID: -4137900620364968796, guid: a833890ca9ee1aa47af9cbc9dcced36e,
        type: 3}
      propertyPath: m_Layer
      value: 0
      objectReference: {fileID: 0}
    - target: {fileID: -3957782524123411102, guid: a833890ca9ee1aa47af9cbc9dcced36e,
        type: 3}
      propertyPath: m_Layer
      value: 0
      objectReference: {fileID: 0}
    - target: {fileID: -3154681243835721828, guid: a833890ca9ee1aa47af9cbc9dcced36e,
        type: 3}
      propertyPath: m_Layer
      value: 0
      objectReference: {fileID: 0}
    - target: {fileID: -3094338923769078453, guid: a833890ca9ee1aa47af9cbc9dcced36e,
        type: 3}
      propertyPath: m_Layer
      value: 0
      objectReference: {fileID: 0}
    - target: {fileID: -3082672928087511098, guid: a833890ca9ee1aa47af9cbc9dcced36e,
        type: 3}
      propertyPath: m_Layer
      value: 0
      objectReference: {fileID: 0}
    - target: {fileID: -2964427586063458719, guid: a833890ca9ee1aa47af9cbc9dcced36e,
        type: 3}
      propertyPath: m_Layer
      value: 0
      objectReference: {fileID: 0}
    - target: {fileID: -2794903367586944970, guid: a833890ca9ee1aa47af9cbc9dcced36e,
        type: 3}
      propertyPath: m_Layer
      value: 0
      objectReference: {fileID: 0}
    - target: {fileID: -2793727289926329592, guid: a833890ca9ee1aa47af9cbc9dcced36e,
        type: 3}
      propertyPath: m_Layer
      value: 0
      objectReference: {fileID: 0}
    - target: {fileID: -2407699025559542186, guid: a833890ca9ee1aa47af9cbc9dcced36e,
        type: 3}
      propertyPath: m_Layer
      value: 0
      objectReference: {fileID: 0}
    - target: {fileID: -1431385390984006681, guid: a833890ca9ee1aa47af9cbc9dcced36e,
        type: 3}
      propertyPath: m_Layer
      value: 0
      objectReference: {fileID: 0}
    - target: {fileID: -1171087935965131688, guid: a833890ca9ee1aa47af9cbc9dcced36e,
        type: 3}
      propertyPath: m_Layer
      value: 0
      objectReference: {fileID: 0}
    - target: {fileID: -935063274205234208, guid: a833890ca9ee1aa47af9cbc9dcced36e,
        type: 3}
      propertyPath: m_Layer
      value: 0
      objectReference: {fileID: 0}
    - target: {fileID: -833249951840840289, guid: a833890ca9ee1aa47af9cbc9dcced36e,
        type: 3}
      propertyPath: m_Layer
      value: 0
      objectReference: {fileID: 0}
    - target: {fileID: -820054929611072357, guid: a833890ca9ee1aa47af9cbc9dcced36e,
        type: 3}
      propertyPath: m_Layer
      value: 0
      objectReference: {fileID: 0}
    - target: {fileID: -554934145592297532, guid: a833890ca9ee1aa47af9cbc9dcced36e,
        type: 3}
      propertyPath: m_Layer
      value: 0
      objectReference: {fileID: 0}
    - target: {fileID: -215903789747156225, guid: a833890ca9ee1aa47af9cbc9dcced36e,
        type: 3}
      propertyPath: m_Layer
      value: 0
      objectReference: {fileID: 0}
    - target: {fileID: -65336270233233600, guid: a833890ca9ee1aa47af9cbc9dcced36e,
        type: 3}
      propertyPath: m_Layer
      value: 0
      objectReference: {fileID: 0}
    - target: {fileID: 22209072769726658, guid: a833890ca9ee1aa47af9cbc9dcced36e,
        type: 3}
      propertyPath: m_Layer
      value: 0
      objectReference: {fileID: 0}
    - target: {fileID: 592929412745814536, guid: a833890ca9ee1aa47af9cbc9dcced36e,
        type: 3}
      propertyPath: m_Layer
      value: 0
      objectReference: {fileID: 0}
    - target: {fileID: 702714917580013130, guid: a833890ca9ee1aa47af9cbc9dcced36e,
        type: 3}
      propertyPath: m_Layer
      value: 0
      objectReference: {fileID: 0}
    - target: {fileID: 782489080163093568, guid: a833890ca9ee1aa47af9cbc9dcced36e,
        type: 3}
      propertyPath: m_Layer
      value: 0
      objectReference: {fileID: 0}
    - target: {fileID: 919132149155446097, guid: a833890ca9ee1aa47af9cbc9dcced36e,
        type: 3}
      propertyPath: m_Name
      value: Model
      objectReference: {fileID: 0}
    - target: {fileID: 919132149155446097, guid: a833890ca9ee1aa47af9cbc9dcced36e,
        type: 3}
      propertyPath: m_Layer
      value: 0
      objectReference: {fileID: 0}
    - target: {fileID: 925580364223423652, guid: a833890ca9ee1aa47af9cbc9dcced36e,
        type: 3}
      propertyPath: m_Layer
      value: 0
      objectReference: {fileID: 0}
    - target: {fileID: 949191299080614197, guid: a833890ca9ee1aa47af9cbc9dcced36e,
        type: 3}
      propertyPath: m_Layer
      value: 0
      objectReference: {fileID: 0}
    - target: {fileID: 1138719956598294836, guid: a833890ca9ee1aa47af9cbc9dcced36e,
        type: 3}
      propertyPath: m_Layer
      value: 0
      objectReference: {fileID: 0}
    - target: {fileID: 1182575402113558338, guid: a833890ca9ee1aa47af9cbc9dcced36e,
        type: 3}
      propertyPath: m_Layer
      value: 0
      objectReference: {fileID: 0}
    - target: {fileID: 1230475673390232052, guid: a833890ca9ee1aa47af9cbc9dcced36e,
        type: 3}
      propertyPath: m_Layer
      value: 0
      objectReference: {fileID: 0}
    - target: {fileID: 1289734417093141805, guid: a833890ca9ee1aa47af9cbc9dcced36e,
        type: 3}
      propertyPath: m_Layer
      value: 0
      objectReference: {fileID: 0}
    - target: {fileID: 1360655921151943993, guid: a833890ca9ee1aa47af9cbc9dcced36e,
        type: 3}
      propertyPath: m_Layer
      value: 0
      objectReference: {fileID: 0}
    - target: {fileID: 1507767883509144192, guid: a833890ca9ee1aa47af9cbc9dcced36e,
        type: 3}
      propertyPath: m_Layer
      value: 0
      objectReference: {fileID: 0}
    - target: {fileID: 1677011447892981399, guid: a833890ca9ee1aa47af9cbc9dcced36e,
        type: 3}
      propertyPath: m_Layer
      value: 0
      objectReference: {fileID: 0}
    - target: {fileID: 2419762914050998579, guid: a833890ca9ee1aa47af9cbc9dcced36e,
        type: 3}
      propertyPath: m_Layer
      value: 0
      objectReference: {fileID: 0}
    - target: {fileID: 2435946534475007950, guid: a833890ca9ee1aa47af9cbc9dcced36e,
        type: 3}
      propertyPath: m_Layer
      value: 0
      objectReference: {fileID: 0}
    - target: {fileID: 2573674022446157262, guid: a833890ca9ee1aa47af9cbc9dcced36e,
        type: 3}
      propertyPath: m_Layer
      value: 0
      objectReference: {fileID: 0}
    - target: {fileID: 2866706152295098947, guid: a833890ca9ee1aa47af9cbc9dcced36e,
        type: 3}
      propertyPath: m_Layer
      value: 0
      objectReference: {fileID: 0}
    - target: {fileID: 2932796551851171548, guid: a833890ca9ee1aa47af9cbc9dcced36e,
        type: 3}
      propertyPath: m_Layer
      value: 0
      objectReference: {fileID: 0}
    - target: {fileID: 3075994500107775604, guid: a833890ca9ee1aa47af9cbc9dcced36e,
        type: 3}
      propertyPath: m_Layer
      value: 0
      objectReference: {fileID: 0}
    - target: {fileID: 3246316453314596560, guid: a833890ca9ee1aa47af9cbc9dcced36e,
        type: 3}
      propertyPath: m_Layer
      value: 0
      objectReference: {fileID: 0}
    - target: {fileID: 3300710021813369772, guid: a833890ca9ee1aa47af9cbc9dcced36e,
        type: 3}
      propertyPath: m_Layer
      value: 0
      objectReference: {fileID: 0}
    - target: {fileID: 3351086791487452113, guid: a833890ca9ee1aa47af9cbc9dcced36e,
        type: 3}
      propertyPath: m_Layer
      value: 0
      objectReference: {fileID: 0}
    - target: {fileID: 3495724879592472073, guid: a833890ca9ee1aa47af9cbc9dcced36e,
        type: 3}
      propertyPath: m_Layer
      value: 0
      objectReference: {fileID: 0}
    - target: {fileID: 3779745573541866595, guid: a833890ca9ee1aa47af9cbc9dcced36e,
        type: 3}
      propertyPath: m_Layer
      value: 0
      objectReference: {fileID: 0}
    - target: {fileID: 4201829028004429638, guid: a833890ca9ee1aa47af9cbc9dcced36e,
        type: 3}
      propertyPath: m_Layer
      value: 0
      objectReference: {fileID: 0}
    - target: {fileID: 4326293798620640250, guid: a833890ca9ee1aa47af9cbc9dcced36e,
        type: 3}
      propertyPath: m_Layer
      value: 0
      objectReference: {fileID: 0}
    - target: {fileID: 4547975019024194010, guid: a833890ca9ee1aa47af9cbc9dcced36e,
        type: 3}
      propertyPath: m_Layer
      value: 0
      objectReference: {fileID: 0}
    - target: {fileID: 5169726769974763271, guid: a833890ca9ee1aa47af9cbc9dcced36e,
        type: 3}
      propertyPath: m_Layer
      value: 0
      objectReference: {fileID: 0}
    - target: {fileID: 5431935252567526870, guid: a833890ca9ee1aa47af9cbc9dcced36e,
        type: 3}
      propertyPath: m_Layer
      value: 0
      objectReference: {fileID: 0}
    - target: {fileID: 5630260131600141991, guid: a833890ca9ee1aa47af9cbc9dcced36e,
        type: 3}
      propertyPath: m_Layer
      value: 0
      objectReference: {fileID: 0}
    - target: {fileID: 5732441545878447121, guid: a833890ca9ee1aa47af9cbc9dcced36e,
        type: 3}
      propertyPath: m_Layer
      value: 0
      objectReference: {fileID: 0}
    - target: {fileID: 6143164939803301226, guid: a833890ca9ee1aa47af9cbc9dcced36e,
        type: 3}
      propertyPath: m_Layer
      value: 0
      objectReference: {fileID: 0}
    - target: {fileID: 6463608094172508618, guid: a833890ca9ee1aa47af9cbc9dcced36e,
        type: 3}
      propertyPath: m_Layer
      value: 0
      objectReference: {fileID: 0}
    - target: {fileID: 7246933433520843874, guid: a833890ca9ee1aa47af9cbc9dcced36e,
        type: 3}
      propertyPath: m_Layer
      value: 0
      objectReference: {fileID: 0}
    - target: {fileID: 7803407436844761574, guid: a833890ca9ee1aa47af9cbc9dcced36e,
        type: 3}
      propertyPath: m_Layer
      value: 0
      objectReference: {fileID: 0}
    - target: {fileID: 8561240913330172325, guid: a833890ca9ee1aa47af9cbc9dcced36e,
        type: 3}
      propertyPath: m_Layer
      value: 0
      objectReference: {fileID: 0}
    - target: {fileID: 8631165641932951088, guid: a833890ca9ee1aa47af9cbc9dcced36e,
        type: 3}
      propertyPath: m_Layer
      value: 0
      objectReference: {fileID: 0}
    - target: {fileID: 8823777233711065146, guid: a833890ca9ee1aa47af9cbc9dcced36e,
        type: 3}
      propertyPath: m_Layer
      value: 0
      objectReference: {fileID: 0}
    - target: {fileID: 8944593426176300242, guid: a833890ca9ee1aa47af9cbc9dcced36e,
        type: 3}
      propertyPath: m_Layer
      value: 0
      objectReference: {fileID: 0}
    m_RemovedComponents: []
  m_SourcePrefab: {fileID: 100100000, guid: a833890ca9ee1aa47af9cbc9dcced36e, type: 3}
--- !u!1 &6799647954121762556 stripped
GameObject:
  m_CorrespondingSourceObject: {fileID: -4432645804560834421, guid: a833890ca9ee1aa47af9cbc9dcced36e,
    type: 3}
  m_PrefabInstance: {fileID: 2026945193187804791}
  m_PrefabAsset: {fileID: 0}
--- !u!1 &7236543239515894195 stripped
GameObject:
  m_CorrespondingSourceObject: {fileID: -554934145592297532, guid: a833890ca9ee1aa47af9cbc9dcced36e,
    type: 3}
  m_PrefabInstance: {fileID: 2026945193187804791}
  m_PrefabAsset: {fileID: 0}
--- !u!1 &7705241876692006866 stripped
GameObject:
  m_CorrespondingSourceObject: {fileID: 8561240913330172325, guid: a833890ca9ee1aa47af9cbc9dcced36e,
    type: 3}
  m_PrefabInstance: {fileID: 2026945193187804791}
  m_PrefabAsset: {fileID: 0}
--- !u!1 &3682012825372856739 stripped
GameObject:
  m_CorrespondingSourceObject: {fileID: -5820897287476537388, guid: a833890ca9ee1aa47af9cbc9dcced36e,
    type: 3}
  m_PrefabInstance: {fileID: 2026945193187804791}
  m_PrefabAsset: {fileID: 0}
--- !u!4 &5490752462289273851 stripped
Transform:
  m_CorrespondingSourceObject: {fileID: -3453638951196195444, guid: a833890ca9ee1aa47af9cbc9dcced36e,
    type: 3}
  m_PrefabInstance: {fileID: 2026945193187804791}
  m_PrefabAsset: {fileID: 0}
--- !u!1 &4462820521295151545 stripped
GameObject:
  m_CorrespondingSourceObject: {fileID: 2435946534475007950, guid: a833890ca9ee1aa47af9cbc9dcced36e,
    type: 3}
  m_PrefabInstance: {fileID: 2026945193187804791}
  m_PrefabAsset: {fileID: 0}
--- !u!1 &1655867010373601847 stripped
GameObject:
  m_CorrespondingSourceObject: {fileID: 782489080163093568, guid: a833890ca9ee1aa47af9cbc9dcced36e,
    type: 3}
  m_PrefabInstance: {fileID: 2026945193187804791}
  m_PrefabAsset: {fileID: 0}
--- !u!1 &8071459316492924304 stripped
GameObject:
  m_CorrespondingSourceObject: {fileID: -1431385390984006681, guid: a833890ca9ee1aa47af9cbc9dcced36e,
    type: 3}
  m_PrefabInstance: {fileID: 2026945193187804791}
  m_PrefabAsset: {fileID: 0}
--- !u!1 &5287718676797657885 stripped
GameObject:
  m_CorrespondingSourceObject: {fileID: 6143164939803301226, guid: a833890ca9ee1aa47af9cbc9dcced36e,
    type: 3}
  m_PrefabInstance: {fileID: 2026945193187804791}
  m_PrefabAsset: {fileID: 0}
--- !u!4 &1993861620775281052 stripped
Transform:
  m_CorrespondingSourceObject: {fileID: -8679921383154817045, guid: a833890ca9ee1aa47af9cbc9dcced36e,
    type: 3}
  m_PrefabInstance: {fileID: 2026945193187804791}
  m_PrefabAsset: {fileID: 0}
--- !u!1 &1216057902337899302 stripped
GameObject:
  m_CorrespondingSourceObject: {fileID: 919132149155446097, guid: a833890ca9ee1aa47af9cbc9dcced36e,
    type: 3}
  m_PrefabInstance: {fileID: 2026945193187804791}
  m_PrefabAsset: {fileID: 0}
--- !u!1 &4522896801927545302 stripped
GameObject:
  m_CorrespondingSourceObject: {fileID: -6708769958605535327, guid: a833890ca9ee1aa47af9cbc9dcced36e,
    type: 3}
  m_PrefabInstance: {fileID: 2026945193187804791}
  m_PrefabAsset: {fileID: 0}
--- !u!1 &8331186880928844335 stripped
GameObject:
  m_CorrespondingSourceObject: {fileID: -1171087935965131688, guid: a833890ca9ee1aa47af9cbc9dcced36e,
    type: 3}
  m_PrefabInstance: {fileID: 2026945193187804791}
  m_PrefabAsset: {fileID: 0}
--- !u!1 &7149120174856704311 stripped
GameObject:
  m_CorrespondingSourceObject: {fileID: -65336270233233600, guid: a833890ca9ee1aa47af9cbc9dcced36e,
    type: 3}
  m_PrefabInstance: {fileID: 2026945193187804791}
  m_PrefabAsset: {fileID: 0}
--- !u!1001 &8232495802602204679
PrefabInstance:
  m_ObjectHideFlags: 0
  serializedVersion: 2
  m_Modification:
    m_TransformParent: {fileID: 2026945192782889267}
    m_Modifications:
    - target: {fileID: 7934943116595987637, guid: 6236091ad60448e4a8f52262500210b8,
        type: 3}
      propertyPath: m_LocalPosition.x
      value: 0
      objectReference: {fileID: 0}
    - target: {fileID: 7934943116595987637, guid: 6236091ad60448e4a8f52262500210b8,
        type: 3}
      propertyPath: m_LocalPosition.y
      value: 0.97
      objectReference: {fileID: 0}
    - target: {fileID: 7934943116595987637, guid: 6236091ad60448e4a8f52262500210b8,
        type: 3}
      propertyPath: m_LocalPosition.z
      value: -2.973
      objectReference: {fileID: 0}
    - target: {fileID: 7934943116595987637, guid: 6236091ad60448e4a8f52262500210b8,
        type: 3}
      propertyPath: m_LocalRotation.x
      value: 0.098387875
      objectReference: {fileID: 0}
    - target: {fileID: 7934943116595987637, guid: 6236091ad60448e4a8f52262500210b8,
        type: 3}
      propertyPath: m_LocalRotation.y
      value: -0
      objectReference: {fileID: 0}
    - target: {fileID: 7934943116595987637, guid: 6236091ad60448e4a8f52262500210b8,
        type: 3}
      propertyPath: m_LocalRotation.z
      value: -0
      objectReference: {fileID: 0}
    - target: {fileID: 7934943116595987637, guid: 6236091ad60448e4a8f52262500210b8,
        type: 3}
      propertyPath: m_LocalRotation.w
      value: 0.9951482
      objectReference: {fileID: 0}
    - target: {fileID: 7934943116595987637, guid: 6236091ad60448e4a8f52262500210b8,
        type: 3}
      propertyPath: m_RootOrder
      value: 0
      objectReference: {fileID: 0}
    - target: {fileID: 7934943116595987637, guid: 6236091ad60448e4a8f52262500210b8,
        type: 3}
      propertyPath: m_LocalEulerAnglesHint.x
      value: 11.293
      objectReference: {fileID: 0}
    - target: {fileID: 7934943116595987637, guid: 6236091ad60448e4a8f52262500210b8,
        type: 3}
      propertyPath: m_LocalEulerAnglesHint.y
      value: 0
      objectReference: {fileID: 0}
    - target: {fileID: 7934943116595987637, guid: 6236091ad60448e4a8f52262500210b8,
        type: 3}
      propertyPath: m_LocalEulerAnglesHint.z
      value: 0
      objectReference: {fileID: 0}
    - target: {fileID: 7934943116595987638, guid: 6236091ad60448e4a8f52262500210b8,
        type: 3}
      propertyPath: m_Name
      value: Main Camera
      objectReference: {fileID: 0}
    - target: {fileID: 7934943116595987638, guid: 6236091ad60448e4a8f52262500210b8,
        type: 3}
      propertyPath: m_IsActive
      value: 0
      objectReference: {fileID: 0}
    m_RemovedComponents: []
  m_SourcePrefab: {fileID: 100100000, guid: 6236091ad60448e4a8f52262500210b8, type: 3}
--- !u!4 &2026945191815752370 stripped
Transform:
  m_CorrespondingSourceObject: {fileID: 7934943116595987637, guid: 6236091ad60448e4a8f52262500210b8,
    type: 3}
  m_PrefabInstance: {fileID: 8232495802602204679}
  m_PrefabAsset: {fileID: 0}
